<?xml version = "1.0" encoding = "UTF-8"?><OAI-PMH xmlns="http://www.openarchives.org/OAI/2.0/" xmlns:xsi="http://www.w3.org/2001/XMLSchema-instance" xsi:schemaLocation="http://www.openarchives.org/OAI/2.0/ http://www.openarchives.org/OAI/2.0/OAI-PMH.xsd"><ListRecords><record><header><identifier>aleph-publish:002932178</identifier></header><metadata><record xmlns="http://www.ddb.de/professionell/mabxml/mabxml-1.xsd"><leader>00568vM2.01200024------h</leader><controlfield tag="LDR">00568vM2.01200024------h</controlfield><controlfield tag="FMT">MH</controlfield><datafield tag="001" ind1="-" ind2="1"><subfield code="a">HT007612942</subfield></datafield><datafield tag="002" ind1="a" ind2="1"><subfield code="a">19970903</subfield></datafield><datafield tag="003" ind1="-" ind2="1"><subfield code="a">20020111</subfield></datafield><controlfield tag="030">a|1uc||||||37</controlfield><datafield tag="036" ind1="a" ind2="1"><subfield code="a">DE</subfield></datafield><datafield tag="037" ind1="b" ind2="1"><subfield code="a">ger</subfield></datafield><controlfield tag="050">a|||||||||||||</controlfield><controlfield tag="051">m|||||||</controlfield><datafield tag="070" ind1="-" ind2="1"><subfield code="a">Bi 10</subfield></datafield><datafield tag="070" ind1="b" ind2="1"><subfield code="a">HBZ/Red</subfield></datafield><datafield tag="080" ind1="-" ind2="1"><subfield code="a">60</subfield></datafield><datafield tag="100" ind1="b" ind2="1"><subfield code="p">Livingston, Jane</subfield><subfield code="d">1944-</subfield><subfield code="b">[Bearb.]</subfield><subfield code="9">(DE-588)172228867</subfield></datafield><datafield tag="200" ind1="b" ind2="1"><subfield code="k">National Geographic Society</subfield><subfield code="9">(DE-588)1009626-7</subfield></datafield><datafield tag="201" ind1="-" ind2="1"><subfield code="k">Geographic Society</subfield><subfield code="h">USA</subfield></datafield><datafield tag="201" ind1="-" ind2="1"><subfield code="k">National Geographic</subfield><subfield code="h">Körperschaft</subfield></datafield><datafield tag="201" ind1="-" ind2="1"><subfield code="k">NGS</subfield></datafield><datafield tag="331" ind1="-" ind2="1"><subfield code="a">&lt;&lt;Die&gt;&gt; Kunst der Photographie in National Geographic</subfield></datafield><datafield tag="359" ind1="-" ind2="1"><subfield code="a">[Jane Livingston]</subfield></datafield><datafield tag="410" ind1="-" ind2="1"><subfield code="a">Köln</subfield></datafield><datafield tag="412" ind1="-" ind2="1"><subfield code="a">Taschen</subfield></datafield><datafield tag="425" ind1="a" ind2="1"><subfield code="a">1994</subfield></datafield><datafield tag="433" ind1="-" ind2="1"><subfield code="a">364 S. : überw. Ill.</subfield></datafield><datafield tag="451" ind1="-" ind2="1"><subfield code="a">Evergreen</subfield></datafield><datafield tag="516" ind1="-" ind2="1"><subfield code="a">Aus dem Engl. übers.</subfield></datafield><datafield tag="540" ind1="a" ind2="1"><subfield code="a">3-8228-8949-0</subfield></datafield><datafield tag="902" ind1="-" ind2="1"><subfield code="s">Fotografie</subfield><subfield code="9">(DE-588)4045895-7</subfield></datafield><datafield tag="902" ind1="-" ind2="1"><subfield code="z">Geschichte 1894-1994</subfield></datafield><datafield tag="902" ind1="-" ind2="1"><subfield code="f">Bildband</subfield></datafield><controlfield tag="SYS">002932178</controlfield><datafield tag="LOW" ind1="-" ind2="1"><subfield code="a">T0012</subfield></datafield><datafield tag="LOW" ind1="-" ind2="1"><subfield code="a">C5001</subfield></datafield><datafield tag="952" ind1="-" ind2="1"><subfield code="s">Photographie</subfield></datafield><datafield tag="952" ind1="-" ind2="1"><subfield code="s">Aufnahme</subfield><subfield code="h">Photographie</subfield></datafield><datafield tag="952" ind1="-" ind2="1"><subfield code="s">Aufnahme</subfield><subfield code="h">Fotografie</subfield></datafield><datafield tag="952" ind1="-" ind2="1"><subfield code="s">Aufnahme</subfield><subfield code="h">Fotographie</subfield></datafield><datafield tag="952" ind1="-" ind2="1"><subfield code="s">Aufnahme</subfield><subfield code="h">Photografie</subfield></datafield><datafield tag="952" ind1="-" ind2="1"><subfield code="s">Foto</subfield></datafield><datafield tag="952" ind1="-" ind2="1"><subfield code="s">Fotografieren</subfield></datafield><datafield tag="952" ind1="-" ind2="1"><subfield code="s">Photographieren</subfield></datafield><datafield tag="952" ind1="-" ind2="1"><subfield code="s">Fotographieren</subfield></datafield><datafield tag="952" ind1="-" ind2="1"><subfield code="s">Photografieren</subfield></datafield><datafield tag="952" ind1="-" ind2="1"><subfield code="s">Photo</subfield></datafield><datafield tag="952" ind1="-" ind2="1"><subfield code="s">Photoaufnahme</subfield></datafield><datafield tag="952" ind1="-" ind2="1"><subfield code="s">Fotoaufnahme</subfield></datafield><datafield tag="952" ind1="-" ind2="1"><subfield code="s">Photokunst</subfield></datafield><datafield tag="952" ind1="-" ind2="1"><subfield code="s">Fotokunst</subfield></datafield><datafield tag="952" ind1="-" ind2="1"><subfield code="s">Fotographie</subfield></datafield><datafield tag="952" ind1="-" ind2="1"><subfield code="s">Photografie</subfield></datafield><datafield tag="952" ind1="-" ind2="1"><subfield code="s">Lichtbild</subfield><subfield code="h">Photographie</subfield></datafield><datafield tag="952" ind1="-" ind2="1"><subfield code="s">Lichtbild</subfield><subfield code="h">Fotografie</subfield></datafield><datafield tag="952" ind1="-" ind2="1"><subfield code="s">Lichtbild</subfield><subfield code="h">Fotographie</subfield></datafield><datafield tag="952" ind1="-" ind2="1"><subfield code="s">Lichtbild</subfield><subfield code="h">Photografie</subfield></datafield><datafield tag="952" ind1="-" ind2="1"><subfield code="s">Photographische Aufnahme</subfield></datafield><datafield tag="952" ind1="-" ind2="1"><subfield code="s">Fotografische Aufnahme</subfield></datafield><datafield tag="952" ind1="-" ind2="1"><subfield code="s">Fotographische Aufnahme</subfield></datafield><datafield tag="952" ind1="-" ind2="1"><subfield code="s">Photografische Aufnahme</subfield></datafield><datafield tag="088" ind1=" " ind2=" "><subfield code="a">Tr 5</subfield><subfield code="b">00000000</subfield><subfield code="c">D 21/0042</subfield><subfield code="e">ILL Ausleihe</subfield></datafield><datafield tag="088" ind1=" " ind2=" "><subfield code="a">Tr 5</subfield><subfield code="b">00010000</subfield><subfield code="c">K 10.3/226</subfield><subfield code="e">ILL Ausleihe</subfield></datafield><datafield tag="088" ind1=" " ind2=" "><subfield code="a">Bi 10</subfield><subfield code="b">00010000</subfield><subfield code="c">JZI Kuns</subfield><subfield code="e">ILL Ausleihe</subfield></datafield></record></metadata></record></ListRecords></OAI-PMH>